 @Article{plyr,
    title = {The Split-Apply-Combine Strategy for Data Analysis},
    author = {Hadley Wickham},
    journal = {Journal of Statistical Software},
    year = {2011},
    volume = {40},
    number = {1},
    pages = {1--29},
    url = {http://www.jstatsoft.org/v40/i01/},
}

@Manual{xtable,
    title = {xtable: Export tables to LaTeX or HTML},
    author = {David B. Dahl},
    year = {2014},
    note = {R package version 1.7-4},
    url = {http://CRAN.R-project.org/package=xtable},
}

@Book{nnet,
    title = {Modern Applied Statistics with S},
    author = {W. N. Venables and B. D. Ripley},
    publisher = {Springer},
    edition = {Fourth},
    address = {New York},
    year = {2002},
    note = {ISBN 0-387-95457-0},
    url = {http://www.stats.ox.ac.uk/pub/MASS4},
}

@Manual{stringr,
    title = {stringr: Make it easier to work with strings.},
    author = {Hadley Wickham},
    year = {2012},
    note = {R package version 0.6.2},
    url = {http://CRAN.R-project.org/package=stringr},
}

@Book{ggplot2,
    author = {Hadley Wickham},
    title = {ggplot2: elegant graphics for data analysis},
    publisher = {Springer New York},
    year = {2009},
    isbn = {978-0-387-98140-6},
    url = {http://had.co.nz/ggplot2/book},
  }

@Manual{gtools,
    title = {gtools: Various R programming tools},
    author = {Gregory R. Warnes and Ben Bolker and Thomas Lumley},
    year = {2014},
    note = {R package version 3.4.1},
    url = {http://CRAN.R-project.org/package=gtools},
}


@Manual{Boot,
    title = {boot: Bootstrap R (S-Plus) Functions. R package version 1.3-9.},
    author = {Angelo Canty and Brian Ripley},
    organization = {R Foundation for Statistical Computing},
    address = {Vienna, Austria},
    year = {2013},
    url = {http://www.R-project.org/},
}

@Manual{RBase,
    title = {R: A Language and Environment for Statistical Computing},
    author = {{R Core Team}},
    organization = {R Foundation for Statistical Computing},
    address = {Vienna, Austria},
    year = {2013},
    url = {http://www.R-project.org/},
}

@misc{eia2008residential,
  title={Residential Energy Consumption Survey (RECS)},
  author={EIA, DOE},
  year={2008}
}

@report{RECSSurvey,
title={Residential Energy Consumption Survey, DOE/EIA- Forms EIA 457A-G},
author={U.S. Energy Information Administration, Washington, DC},
year={2009}
}


@report{HUD,
title={Annual Report of Fair Housing, FY 2010},
author={U.S. Department of Houseing and Urban Develpment, Washington, DC},
year={2010}
}

@article{miller2014empirical,
  title={An Empirical Analysis of Residential Energy Efficiency Adoption by Housing Types and Occupancy},
  author={Miller, Kelly Hellman and Colantuoni, Francesca and Crago, Christine Lasco},
  year={2014}
}

@article{sanquist2012lifestyle,
  title={Lifestyle factors in US residential electricity consumption},
  author={Sanquist, Thomas F and Orr, Heather and Shui, Bin and Bittner, Alvah C},
  journal={Energy Policy},
  volume={42},
  pages={354--364},
  year={2012},
  publisher={Elsevier}
}

@article{estiri2014building,
  title={Building and household X-factors and energy consumption at the residential sector: A structural equation analysis of the effects of household and building characteristics on the annual energy consumption of US residential buildings},
  author={Estiri, Hossein},
  journal={Energy Economics},
  volume={43},
  pages={178--184},
  year={2014},
  publisher={Elsevier}
}

@article{estiri2013different,
  title={Different Regions, Differences in Energy Consumption: Do regions account for the variability in household energy consumption?},
  author={Estiri, Hossein and Gabriel, Ryan and Howard, Eric and Wang, Li},
  journal={Differences in Energy Consumption: Do Regions Account for the Variability in Household Energy Consumption},
  year={2013}
}

@phdthesis{li2014home,
  title={HOME ENERGY CONSUMPTION ESTIMATION BY END USE AND ENERGY EFFICIENCY UPGRADE RECOMMENDATIONS},
  author={Li, Chao},
  year={2014},
  school={Duke University}
}

@article{burgett2015using,
  title={Using building and occupant characteristics to predict residential residual miscellaneous electrical loads: a comparison between an asset label and an occupant-based operational model for homes in Florida},
  author={Burgett, Joseph M and Chini, Abdol R},
  journal={Journal of Building Performance Simulation},
  number={ahead-of-print},
  pages={1--17},
  year={2015},
  publisher={Taylor \& Francis}
}

@article{pivo2014unequal,
  title={Unequal access to energy efficiency in US multifamily rental housing: opportunities to improve},
  author={Pivo, Gary},
  journal={Building Research \& Information},
  volume={42},
  number={5},
  pages={551--573},
  year={2014},
  publisher={Taylor \& Francis}
}

@incollection{davis2011evaluating,
  title={Evaluating the slow adoption of energy efficient investments: are renters less likely to have energy efficient appliances?},
  author={Davis, Lucas W},
  booktitle={The Design and Implementation of US Climate Policy},
  pages={301--316},
  year={2011},
  publisher={University of Chicago Press}
}

@article{estiri2015structural,
  title={A structural equation model of energy consumption in the United States: Untangling the complexity of per-capita residential energy use},
  author={Estiri, Hossein},
  journal={Energy Research \& Social Science},
  volume={6},
  pages={109--120},
  year={2015},
  publisher={Elsevier}
}

@article{estiri201221,
  title={21 Percent: The Role of Socioeconomics and Housing Characteristics on CO2 Emissions from the US Residential Sector},
  author={Estiri, Hossein},
  journal={Available at SSRN 2196984},
  year={2012}
}